<?xml version="1.0" encoding="UTF-8"?><collection xmlns="http://www.loc.gov/MARC21/slim"><record><leader>00558nam--2200193-i-4500</leader><controlfield tag="001">000034727</controlfield><controlfield tag="002">20161230</controlfield><controlfield tag="005">20170101233426</controlfield><controlfield tag="008">060222s1000------------r-----000-0-eng-d</controlfield><datafield ind1=" " ind2=" " tag="040"><subfield code="a">IFIN-HH</subfield></datafield><datafield ind1=" " ind2=" " tag="080"><subfield code="a">539.12.001</subfield></datafield><datafield ind1="1" ind2=" " tag="100"><subfield code="a">Fries, Dietrich E.C</subfield></datafield><datafield ind1="1" ind2="0" tag="245"><subfield code="a">New phenomena in lepton-hadron physics</subfield><subfield code="c">Dietrich E.C. Fries, Julius Wess (eds.)</subfield></datafield><datafield ind1=" " ind2=" " tag="260"><subfield code="a">New York</subfield><subfield code="b">Plenum Press</subfield><subfield code="c">1979</subfield></datafield><datafield ind1=" " ind2=" " tag="300"><subfield code="a">VIII+434P</subfield></datafield><datafield ind1=" " ind2=" " tag="490"><subfield code="a">Nato Advanced Study Institutes Series, 49</subfield></datafield><datafield ind1="1" ind2=" " tag="700"><subfield code="a">Wess, Julius</subfield><subfield code="e">Ed</subfield></datafield><datafield ind1=" " ind2=" " tag="852"><subfield code="a">42270</subfield><subfield code="c">53</subfield></datafield><datafield ind1=" " ind2=" " tag="CAT"><subfield code="a">SYS</subfield><subfield code="c">20170101</subfield><subfield code="h">233426</subfield></datafield></record></collection>